<?xml version="1.0" encoding="UTF-8"?><record xmlns="http://www.loc.gov/MARC21/slim" xmlns:cinclude="http://apache.org/cocoon/include/1.0" xmlns:zs="http://www.loc.gov/zing/srw/">
  <leader>00616nz  a2200193n  4500</leader>
  <controlfield tag="001">no2006110517</controlfield>
  <controlfield tag="003">DLC</controlfield>
  <controlfield tag="005">20061020075146.0</controlfield>
  <controlfield tag="008">061018n| acaabaaan          |a ana     c</controlfield>
  <datafield tag="010" ind1=" " ind2=" ">
    <subfield code="a">no2006110517</subfield>
  </datafield>
  <datafield tag="035" ind1=" " ind2=" ">
    <subfield code="a">(OCoLC)oca07082341</subfield>
  </datafield>
  <datafield tag="040" ind1=" " ind2=" ">
    <subfield code="a">IArlh</subfield>
    <subfield code="b">eng</subfield>
    <subfield code="c">IArlh</subfield>
  </datafield>
  <datafield tag="130" ind1=" " ind2="0">
    <subfield code="a">Heinle reading library.</subfield>
    <subfield code="p">Biography collection.</subfield>
    <subfield code="p">Audio program</subfield>
  </datafield>
  <datafield tag="430" ind1=" " ind2="0">
    <subfield code="a">Biography collection.</subfield>
    <subfield code="p">Audio program</subfield>
  </datafield>
  <datafield tag="643" ind1=" " ind2=" ">
    <subfield code="a">S.l.</subfield>
    <subfield code="b">Thomson Heinle</subfield>
  </datafield>
  <datafield tag="644" ind1=" " ind2=" ">
    <subfield code="a">f</subfield>
    <subfield code="5">IArlh</subfield>
  </datafield>
  <datafield tag="645" ind1=" " ind2=" ">
    <subfield code="a">t</subfield>
    <subfield code="5">DPCC</subfield>
    <subfield code="5">IArlh</subfield>
  </datafield>
  <datafield tag="646" ind1=" " ind2=" ">
    <subfield code="a">s</subfield>
    <subfield code="5">IArlh</subfield>
  </datafield>
  <datafield tag="670" ind1=" " ind2=" ">
    <subfield code="a">Martin Luther King, Jr., 2007:</subfield>
    <subfield code="b">label (The Heinle reading library. Biography collection. Audio program)</subfield>
  </datafield>
</record>